%% report.bib - contains BiBtex input for bibliography

@ARTICLE{1990MNRAS.243..126D,
  author =       {{Duncan}, W.~D. and {Robson}, E.~I. and {Ade},
                  P.~A.~R. and {Sandell}, G. and {Griffin}, M.~J.},
  title =        "{A millimetre/submillimetre common user photometer
                  for the James Clerk Maxwell Telescope}",
  journal =      {\mnras},
  keywords =     {Astronomical Photometry, Atmospheric Windows,
                  Bolometers, Infrared Spectrophotometers, Microwave
                  Sensors, Telescopes, Bandpass Filters, Cryostats,
                  Germanium, Polarimeters},
  year =         1990,
  month =        mar,
  volume =       243,
  pages =        {126-132},
  adsurl =       {http://adsabs.harvard.edu/abs/1990MNRAS.243..126D},
  adsnote =      {Provided by the SAO/NASA Astrophysics Data System}
}

@INPROCEEDINGS{1998SPIE.3349..126W,
  author =       {{Watt}, G.~D.},
  title =        "{Submillimeter flexible scheduling with the JCMT}",
  booktitle =    {Observatory Operations to Optimize Scientific
                  Return},
  year =         1998,
  series =       {Society of Photo-Optical Instrumentation Engineers
                  (SPIE) Conference Series},
  volume =       3349,
  editor =       {{Quinn}, P.~J.},
  month =        jul,
  pages =        {126-134},
  adsurl =       {http://adsabs.harvard.edu/abs/1998SPIE.3349..126W},
  adsnote =      {Provided by the SAO/NASA Astrophysics Data System}
}

@INPROCEEDINGS{2000SPIE.4015..114H,
  author =       {{Hovey}, G.~J. and {Burgess}, T.~A. and {Casorso},
                  R.~V. and {Dent}, W.~R. and {Dewdney}, P.~E. and
                  {Force}, B. and {Lightfoot}, J.~F. and {Willis},
                  A.~G. and {Yeung}, K.~K.},
  title =        "{New spectral line multibeam correlator system for
                  the James Clerk Maxwell Telescope}",
  booktitle =    {Radio Telescopes},
  year =         2000,
  series =       {Society of Photo-Optical Instrumentation Engineers
                  (SPIE) Conference Series},
  volume =       4015,
  editor =       {{Butcher}, H.~R.},
  month =        jul,
  pages =        {114-125},
  adsurl =       {http://adsabs.harvard.edu/abs/2000SPIE.4015..114H},
  adsnote =      {Provided by the SAO/NASA Astrophysics Data System}
}

@INPROCEEDINGS{2011tfa..confE..42J,
  author =       {{Jenness}, T. and {Economou}, F.},
  title =        "{Data Management at the UKIRT and JCMT}",
  keywords =     {JCMT, UKIRT, eSTAR, Data Handling, Pipelines},
  booktitle =    {Telescopes from Afar},
  year =         2011,
  archivePrefix ="arXiv",
  eprint =       {1111.5855},
  primaryClass = "astro-ph.IM",
  editor =       {{Gajadhar}, S. and {Walawender}, J. and {Genet},
                  R. and {Veillet}, C. and {Adamson}, A. and
                  {Martinez}, J. and {Melnik}, J. and {Jenness},
                  T. and {Manset}, N.},
  month =        mar,
  pages =        42,
  note =         {arXiv:1111.5855},
  adsurl =       {http://adsabs.harvard.edu/abs/2011tfa..confE..42J},
  adsnote =      {Provided by the SAO/NASA Astrophysics Data System}
}

@INPROCEEDINGS{2012SPIE.8448E..1GK,
  author =       {{Kerr}, T. and {Davis}, G.~R. and {Craig}, S.~C. and
                  {Walther}, C. and {Chuter}, T.},
  title =        "{A minimalist operating mode for UKIRT}",
  booktitle =    {Observatory Operations: Strategies, Processes, and
                  Systems IV.},
  year =         2012,
  series =       {\procspie},
  volume =       8448,
  month =        sep,
  editor =       {Alison B. Peck and Robert L. Seaman and Fernando
                  Comeron},
  eid =          {84481G},
  pages =        {84481G},
  doi =          {10.1117/12.924864},
  adsurl =       {http://adsabs.harvard.edu/abs/2012SPIE.8448E..1GK},
  adsnote =      {Provided by the SAO/NASA Astrophysics Data System}
}

@InProceedings{2014SPIE9149-93,
  author =       {Craig A. Walther and Ian Campbell and Jessica
                  T. Dempsey},
  title =        "{Implementing extended observing at JCMT}",
  booktitle =    "{}",
  year =         2014,
  editor =       {Alison B. Peck and Chris R. Benn and Robert Seaman},
  volume =       9149,
  series =       {\procspie},
  pages =        914993,
}

@InProceedings{2014SPIE9152-93,
  author =       {Graham S. Bell and Sarah F. Graves and Malcolm
                  J. Currie and David S. Berry and Harriet
                  A. L. Parsons and Tim Jenness and Russell O. Redman
                  and Jessica T. Dempsey and Douglas I. Johnstone and
                  Frossie Economou },
  title =        "{Advanced data products for the JCMT Science
                  Archive}",
  booktitle =    "{Software and Cyberinfrastructure for Astronomy
                  III}",
  year =         2014,
  editor =       {Gianluca Chiozzi and Nicole M. Radziwill},
  volume =       9152,
  series =       {\procspie},
  pages =        915293,
}

@INPROCEEDINGS{adamson2004,
  author =       {{Adamson}, A.~J. and {Tilanus}, R.~P. and {Buckle},
                  J. and {Davis}, G.~R. and {Economou}, F. and
                  {Jenness}, T. and {Delorey}, K.},
  title =        "{Science returns of flexible scheduling on UKIRT and
                  the JCMT}",
  booktitle =    {Optimizing Scientific Return for Astronomy through
                  Information Technologies},
  year =         2004,
  series =       {Society of Photo-Optical Instrumentation Engineers
                  (SPIE) Conference Series},
  volume =       5493,
  editor =       {{Quinn}, P.~J. and {Bridger}, A.},
  month =        sep,
  pages =        {24-32},
  doi =          {10.1117/12.555929},
  adsurl =       {http://adsabs.harvard.edu/abs/2004SPIE.5493...24A},
  adsnote =      {Provided by the SAO/NASA Astrophysics Data System}
}

@ARTICLE{archibald,
  author =       {{Archibald}, E.~N. and {Jenness}, T. and {Holland},
                  W.~S. and {Coulson}, I.~M. and {Jessop}, N.~E. and
                  {Stevens}, J.~A. and {Robson}, E.~I. and {Tilanus},
                  R.~P.~J. and {Duncan}, W.~D. and {Lightfoot}, J.~F.},
  title =        "{On the atmospheric limitations of ground-based
                  submillimetre astronomy using array receivers}",
  journal =      {MNRAS},
  eprint =       {arXiv:astro-ph/0204444},
  keywords =     {instrumentation: detectors, telescopes,
                  submillimetre},
  year =         2002,
  month =        oct,
  volume =       336,
  pages =        {1-13},
  doi =          {10.1046/j.1365-8711.2002.05582.x},
  adsurl =       {http://adsabs.harvard.edu/abs/2002MNRAS.336....1A},
  adsnote =      {Provided by the SAO/NASA Astrophysics Data System}
}

@ARTICLE{buckle,
  author =       {{Buckle}, J.~V. and others},
  title =        "{HARP/ACSIS: a submillimetre spectral imaging system
                  on the James Clerk Maxwell Telescope}",
  journal =      {MNRAS},
  archivePrefix ="arXiv",
  eprint =       {0907.3610},
  primaryClass = "astro-ph.IM",
  keywords =     {instrumentation: detectors , instrumentation:
                  spectrographs , methods: observational , techniques:
                  image processing , techniques: spectroscopic ,
                  submillimetre},
  year =         2009,
  month =        oct,
  volume =       399,
  pages =        {1026-1043},
  doi =          {10.1111/j.1365-2966.2009.15347.x},
  adsurl =       {http://adsabs.harvard.edu/abs/2009MNRAS.399.1026B},
  adsnote =      {Provided by the SAO/NASA Astrophysics Data System}
}

@ARTICLE{cavanagh2008,
  author =       {{Cavanagh}, B. and {Jenness}, T. and {Economou},
                  F. and {Currie}, M.~J.  },
  title =        "{The ORAC-DR data reduction pipeline}",
  journal =      {Astronomische Nachrichten},
  keywords =     {methods: data analysis, techniques: image
                  processing},
  year =         2008,
  month =        mar,
  volume =       329,
  pages =        {295-297},
  doi =          {10.1002/asna.200710944},
  adsurl =       {http://adsabs.harvard.edu/abs/2008AN....329..295C},
  adsnote =      {Provided by the SAO/NASA Astrophysics Data System}
}

@INPROCEEDINGS{currie,
  author =       {{Currie}, M.~J. and {Draper}, P.~W. and {Berry},
                  D.~S. and {Jenness}, T. and {Cavanagh}, B. and
                  {Economou}, F.},
  title =        "{Starlink Software Developments}",
  booktitle =    {Astronomical Data Analysis Software and Systems
                  XVII},
  year =         2008,
  series =       {Astronomical Society of the Pacific Conference
                  Series},
  volume =       394,
  editor =       {{Argyle}, R.~W. and {Bunclark}, P.~S. and {Lewis},
                  J.~R.},
  month =        aug,
  pages =        650,
  adsurl =       {http://adsabs.harvard.edu/abs/2008ASPC..394..650C},
  adsnote =      {Provided by the SAO/NASA Astrophysics Data System}
}

@INPROCEEDINGS{economou2002,
  author =       {{Economou}, F. and {Jenness}, T. and {Tilanus},
                  R.~P.~J. and {Hirst}, P. and {Adamson}, A.~J. and
                  {Rippa}, M. and {Delorey}, K.~K. and {Isaak}, K.~G.},
  title =        "{Flexible Software for Flexible Scheduling}",
  keywords =     {scheduling, databases, observation preparation,
                  SOAP},
  booktitle =    {Astronomical Data Analysis Software and Systems XI},
  year =         2002,
  series =       {Astronomical Society of the Pacific Conference
                  Series},
  volume =       281,
  editor =       {{Bohlender}, D.~A. and {Durand}, D. and {Handley},
                  T.~H.},
  pages =        488,
  adsurl =       {http://adsabs.harvard.edu/abs/2002ASPC..281..488E},
  adsnote =      {Provided by the SAO/NASA Astrophysics Data System}
}

@ARTICLE{holland2013,
  author =       {{Holland}, W.~S. and {Bintley}, D. and {Chapin},
                  E.~L. and {Chrysostomou}, A. and {Davis}, G.~R. and
                  {Dempsey}, J.~T. and {Duncan}, W.~D. and {Fich},
                  M. and {Friberg}, P. and {Halpern}, M. and {Irwin},
                  K.~D. and {Jenness}, T. and {Kelly}, B.~D. and
                  {MacIntosh}, M.~J. and {Robson}, E.~I. and {Scott},
                  D. and {Ade}, P.~A.~R. and {Atad-Ettedgui}, E. and
                  {Berry}, D.~S. and {Craig}, S.~C. and {Gao}, X. and
                  {Gibb}, A.~G. and {Hilton}, G.~C. and {Hollister},
                  M.~I. and {Kycia}, J.~B. and {Lunney}, D.~W. and
                  {McGregor}, H. and {Montgomery}, D. and {Parkes},
                  W. and {Tilanus}, R.~P.~J. and {Ullom}, J.~N. and
                  {Walther}, C.~A. and {Walton}, A.~J. and
                  {Woodcraft}, A.~L. and {Amiri}, M. and {Atkinson},
                  D. and {Burger}, B. and {Chuter}, T. and {Coulson},
                  I.~M. and {Doriese}, W.~B. and {Dunare}, C. and
                  {Economou}, F. and {Niemack}, M.~D. and {Parsons},
                  H.~A.~L. and {Reintsema}, C.~D. and {Sibthorpe},
                  B. and {Smail}, I. and {Sudiwala}, R. and {Thomas},
                  H.~S.  },
  title =        "{SCUBA-2: the 10 000 pixel bolometer camera on the
                  James Clerk Maxwell Telescope}",
  journal =      {\mnras},
  archivePrefix ="arXiv",
  eprint =       {1301.3650},
  primaryClass = "astro-ph.IM",
  keywords =     {instrumentation: detectors, submillimetre: general},
  year =         2013,
  month =        apr,
  volume =       430,
  pages =        {2513-2533},
  doi =          {10.1093/mnras/sts612},
  adsurl =       {http://adsabs.harvard.edu/abs/2013MNRAS.430.2513H},
  adsnote =      {Provided by the SAO/NASA Astrophysics Data System}
}

@ARTICLE{holland1999,
  author =       {{Holland}, W.~S. and {Robson}, E.~I. and {Gear},
                  W.~K. and {Cunningham}, C.~R. and {Lightfoot},
                  J.~F. and {Jenness}, T. and {Ivison}, R.~J. and
                  {Stevens}, J.~A. and {Ade}, P.~A.~R. and {Griffin},
                  M.~J. and {Duncan}, W.~D. and {Murphy}, J.~A. and
                  {Naylor}, D.~A.},
  title =        "{SCUBA: a common-user submillimetre camera operating
                  on the James Clerk Maxwell Telescope}",
  journal =      {MNRAS},
  eprint =       {arXiv:astro-ph/9809122},
  keywords =     {INSTRUMENTATION: DETECTORS, TELESCOPES, DUST,
                  EXTINCTION, RADIO CONTINUUM: GALAXIES, RADIO
                  CONTINUUM: ISM, RADIO CONTINUUM: STARS},
  year =         1999,
  month =        mar,
  volume =       303,
  pages =        {659-672},
  doi =          {10.1046/j.1365-8711.1999.02111.x},
  adsurl =       {http://adsabs.harvard.edu/abs/1999MNRAS.303..659H},
  adsnote =      {Provided by the SAO/NASA Astrophysics Data System}
}

@Article{jsahistory,
  author =       {F. Economou and S. Gaudet and T. Jenness and
                  R. O. Redman and S. Goliath and P. Dowler and
                  D. Schade and A. Chrysostomou},
  title =        "{Lessons learned from an observatory/data center
                  partnership: The JCMT Science Archive}",
  journal =      {Astronomy \& Computing},
  year =         2014,
  volume =       {in preparation},
}

@INPROCEEDINGS{kackley2004,
  author =       {{Kackley}, R.~D. and {Rees}, N.~P. and {Walther},
                  C. and {Jenness}, T.  },
  title =        "{The JCMT observing queue and recipe sequencer}",
  booktitle =    {Advanced Software, Control, and Communication
                  Systems for Astronomy},
  year =         2004,
  series =       {Society of Photo-Optical Instrumentation Engineers
                  (SPIE) Conference Series},
  volume =       5496,
  editor =       {{Lewis}, H. and {Raffi}, G.},
  month =        sep,
  pages =        {718-728},
  doi =          {10.1117/12.550646},
  adsurl =       {http://adsabs.harvard.edu/abs/2004SPIE.5496..718K},
  adsnote =      {Provided by the SAO/NASA Astrophysics Data System}
}

@INPROCEEDINGS{kackley2010,
  author =       {{Kackley}, R. and {Scott}, D. and {Chapin}, E. and
                  {Friberg}, P.  },
  title =        "{JCMT Telescope Control System upgrades for
                  SCUBA-2}",
  booktitle =    {Society of Photo-Optical Instrumentation Engineers
                  (SPIE) Conference Series},
  year =         2010,
  series =       {Society of Photo-Optical Instrumentation Engineers
                  (SPIE) Conference Series},
  volume =       7740,
  month =        jul,
  eid =          {77401Z},
  doi =          {10.1117/12.857397},
  adsurl =       {http://adsabs.harvard.edu/abs/2010SPIE.7740E..66K},
  adsnote =      {Provided by the SAO/NASA Astrophysics Data System}
}

@INPROCEEDINGS{rees2002,
  author =       {{Rees}, N. and {Economou}, F. and {Jenness}, T. and
                  {Kackley}, R. and {Walther}, C. and {Dent}, B. and
                  {Folger}, M. and {Gao}, X. and {Kelly}, D. and
                  {Lightfoot}, J. and {Pain}, I. and {Hovey}, G. and
                  {Willis}, T. and {Redman}, R.},
  title =        "{The JCMT Observatory Control System}",
  keywords =     {XML, software: architecture},
  booktitle =    {Astronomical Data Analysis Software and Systems XI},
  year =         2002,
  series =       {Astronomical Society of the Pacific Conference
                  Series},
  volume =       281,
  editor =       {{Bohlender}, D.~A. and {Durand}, D. and {Handley},
                  T.~H.},
  pages =        500,
  adsurl =       {http://adsabs.harvard.edu/abs/2002ASPC..281..500R},
  adsnote =      {Provided by the SAO/NASA Astrophysics Data System}
}

@INPROCEEDINGS{robson2002,
  author =       {{Robson}, I.},
  title =        "{Lessons learned from four years of queue-based
                  flexible observing with the James Clerk Maxwell
                  telescope}",
  booktitle =    {Observatory Operations to Optimize Scientific Return
                  III},
  year =         2002,
  series =       {Society of Photo-Optical Instrumentation Engineers
                  (SPIE) Conference Series},
  volume =       4844,
  editor =       {{Quinn}, P.~J.},
  month =        dec,
  pages =        {86-93},
  doi =          {10.1117/12.459496},
  adsurl =       {http://adsabs.harvard.edu/abs/2002SPIE.4844...86R},
  adsnote =      {Provided by the SAO/NASA Astrophysics Data System}
}

@INPROCEEDINGS{tilanus2000,
  author =       {{Tilanus}, R.~P.~J.},
  title =        "{Queue Scheduling at the JCMT: the Real-life
                  Experience}",
  booktitle =    {Astronomical Data Analysis Software and Systems IX},
  year =         2000,
  series =       {Astronomical Society of the Pacific Conference
                  Series},
  volume =       216,
  editor =       {{Manset}, N. and {Veillet}, C. and {Crabtree}, D.},
  pages =        101,
  adsurl =       {http://adsabs.harvard.edu/abs/2000ASPC..216..101T},
  adsnote =      {Provided by the SAO/NASA Astrophysics Data System}
}

@INPROCEEDINGS{walther2010,
  author =       {{Walther}, C.~A. and {Gao}, X. and {Kelly}, D. and
                  {Kackley}, R.~D. and {Jenness}, T.},
  title =        "{Integration of SCUBA-2 within the JCMT Observatory
                  Control System}",
  booktitle =    {Society of Photo-Optical Instrumentation Engineers
                  (SPIE) Conference Series},
  year =         2010,
  series =       {Society of Photo-Optical Instrumentation Engineers
                  (SPIE) Conference Series},
  volume =       7740,
  month =        jul,
  eid =          {77400Y},
  doi =          {10.1117/12.857879},
  adsurl =       {http://adsabs.harvard.edu/abs/2010SPIE.7740E..31W},
  adsnote =      {Provided by the SAO/NASA Astrophysics Data System}
}

@ARTICLE{wiedner,
  author =       {{Wiedner}, M.~C. and {Hills}, R.~E. and {Carlstrom},
                  J.~E. and {Lay}, O.~P.},
  title =        "{Interferometric Phase Correction Using 183 GHz
                  Water Vapor Monitors}",
  journal =      {ApJ},
  keywords =     {Atmospheric Effects, Instrumentation: Adaptive
                  Optics, Site Testing, Techniques: Interferometric},
  year =         2001,
  month =        jun,
  volume =       553,
  pages =        {1036-1041},
  doi =          {10.1086/320943},
  adsurl =       {http://adsabs.harvard.edu/abs/2001ApJ...553.1036W},
  adsnote =      {Provided by the SAO/NASA Astrophysics Data System}
}
